<record><leader>00000cas a22000007a 4500</leader><controlfield tag="001">36160822</controlfield><controlfield tag="008">970106d19891989okucr n       0    0eng d</controlfield><datafield ind1=" " ind2=" " tag="010"><subfield code="a">sn 97064702 </subfield></datafield><datafield ind1=" " ind2=" " tag="040"><subfield code="a">OBN</subfield><subfield code="b">eng</subfield><subfield code="c">OBN</subfield><subfield code="d">OCLCQ</subfield><subfield code="d">OCLCF</subfield><subfield code="d">OCLCO</subfield></datafield><datafield ind1="1" ind2=" " tag="029"><subfield code="a">AU@</subfield><subfield code="b">000013023831</subfield></datafield><datafield ind1=" " ind2=" " tag="042"><subfield code="a">msc</subfield></datafield><datafield ind1=" " ind2=" " tag="043"><subfield code="a">n-us-ok</subfield></datafield><datafield ind1="0" ind2="0" tag="245"><subfield code="a">Alva review-courier and Woods County news.</subfield></datafield><datafield ind1="3" ind2=" " tag="246"><subfield code="a">Alva review-courier Woods County news</subfield></datafield><datafield ind1="3" ind2=" " tag="246"><subfield code="a">Alva review-courier</subfield></datafield><datafield ind1=" " ind2=" " tag="260"><subfield code="a">Alva, Okla. :</subfield><subfield code="b">Alva Newspapers</subfield></datafield><datafield ind1=" " ind2=" " tag="300"><subfield code="a">v.</subfield></datafield><datafield ind1=" " ind2=" " tag="310"><subfield code="a">Semiweekly</subfield></datafield><datafield ind1="0" ind2=" " tag="362"><subfield code="a">Vol. 96, no. 176 (June 7, 1989)-v. 96, no. 227 (Dec. 13, 1989).</subfield></datafield><datafield ind1=" " ind2="0" tag="651"><subfield code="a">Alva (Okla.)</subfield><subfield code="v">Newspapers.</subfield></datafield><datafield ind1=" " ind2="0" tag="651"><subfield code="a">Woods County (Okla.)</subfield><subfield code="v">Newspapers.</subfield></datafield><datafield ind1=" " ind2="7" tag="655"><subfield code="a">Newspapers.</subfield><subfield code="2">fast</subfield><subfield code="0">(OCoLC)fst01423814</subfield></datafield><datafield ind1=" " ind2="7" tag="651"><subfield code="a">Oklahoma</subfield><subfield code="z">Alva.</subfield><subfield code="2">fast</subfield><subfield code="0">(OCoLC)fst01220625</subfield></datafield><datafield ind1=" " ind2="7" tag="651"><subfield code="a">Oklahoma</subfield><subfield code="z">Woods County.</subfield><subfield code="2">fast</subfield><subfield code="0">(OCoLC)fst01259728</subfield></datafield><datafield ind1="0" ind2="4" tag="780"><subfield code="t">Alva review courier (Alva, Okla. : 1929)</subfield><subfield code="w">(DLC)sn 93059282</subfield><subfield code="w">(OCoLC)27953827</subfield></datafield><datafield ind1="0" ind2="4" tag="780"><subfield code="t">Woods County news (Alva, Okla. : 1989)</subfield><subfield code="w">(DLC)sn 97054704</subfield><subfield code="w">(OCoLC)36161243</subfield></datafield><datafield ind1="0" ind2="0" tag="785"><subfield code="t">Alva review-courier (Alva, Okla. : 1989)</subfield><subfield code="w">(DLC)sn 97664703</subfield><subfield code="w">(OCoLC)36161140</subfield></datafield></record>